@Article{NomotoKartini12,
	title = {\textit{Kena} adversative passives in {M}alay, funny control, and covert voice alternation},
	author = {Nomoto, Hiroki and Kartini, Abd. Wahab},
	journal = {Oceanic Linguistics},
	year = {2012},
	number = {2},
	pages = {360-386},
	volume = {51},
	doi = {10.1353/ol.2012.0017}
}

@InCollection{LatrouiteRiester18,
	author = {Anja Latrouite and Arndt Riester},
	year = {2018},
	title = {The role of information structure for morphosyntactic choices in {Tagalog}},
	editor = {Sonja Riesberg and Asako Shiohara and Atsuko Utsumi},
	booktitle = {Perspectives on Information Structure in {Austronesian} Languages},
	pages = {247-284},
	address = {Berlin},
	publisher = {Language Science Press},
	doi = {10.5281/zenodo.1402549}
}

@book{AsherLascarides03,
	author = {Asher, Nicholas and Lascarides, Alex},
	year = {2003},
	title = {Logics of Conversation},
	address = {Cambridge},
	publisher= {Cambridge University Press}
}

@Article{吉枝13,
	title = {ペルシア語の所有・存在表現},
	author = {吉枝聡子},
	journal = {語学研究所論集},
	year = {2013},
	pages = {362-378},
	volume = {18},
	url = {http://www.tufs.ac.jp/common/fs/ilr/contents/ronshuu/18/jilr_18_sp_data_persian_Yoshie.pdf},
	yomi = {Satoko Yoshie}
}

@InCollection{田窪97a,
	title = {日本語の人称表現},
	author = {田窪行則},
	year = {1997},
	editor = {田窪行則},
	booktitle = {視点と言語行動},
	pages = {13-41},
	publisher = {くろしお出版},
	yomi = {Yukinori Takubo}
}

@book{宗宮他18,
	author = {宗宮喜代子 and 糸川健 and 野元裕樹},
	year = {2018},
	title = {動詞の「時制」がよくわかる英文法談義},
	publisher = {大修館書店},
	yomi = {Kiyoko Sohmiya and Takeru Itokawa and Hiroki Nomoto}
}
